<ENVELOPE><HEADER><TALLYREQUEST>Import Data</TALLYREQUEST></HEADER><BODY><IMPORTDATA><REQUESTDESC><REPORTNAME>Vouchers</REPORTNAME><STATICVARIABLES><SVCURRENTCOMPANY>SHREE PRESS COMPONENTS.</SVCURRENTCOMPANY></STATICVARIABLES></REQUESTDESC><REQUESTDATA><TALLYMESSAGE xmlns:UDF="TallyUDF"><VOUCHER REMOTEID="PV/19- 20  -TI-00000660" VCHTYPE="Purchase" Action="Create"><DATE>20190406</DATE><GUID>PV/19- 20  -TI-00000660</GUID><NARRATION>GRN No 19  PROJECT CODE  NA  PO NO SPC-2018-19-R-00177 BILL NO 10  / 06-04-2019 HRPO 1.8 HRPO 1.8x1250x2375  QTY 6050  RATE 46.75  HSN No 72091820  SAC No NA | </NARRATION><VOUCHERTYPENAME>Purchase</VOUCHERTYPENAME><VOUCHERNUMBER>PV/19- 20-660</VOUCHERNUMBER><REFERENCE>10</REFERENCE><PARTYLEDGERNAME>BLACKBURN METALS</PARTYLEDGERNAME><CSTFORMISSUETYPE/><CSTFORMRECVTYPE/><FBTPAYMENTTYPE>Default</FBTPAYMENTTYPE><VCHGSTCLASS/><ENTEREDBY>1962</ENTEREDBY><DIFFACTUALQTY>No</DIFFACTUALQTY><AUDITED>No</AUDITED><FORJOBCOSTING>No</FORJOBCOSTING><ISOPTIONAL>No</ISOPTIONAL><EFFECTIVEDATE>20190406</EFFECTIVEDATE><USEFORINTEREST>No</USEFORINTEREST><USEFORGAINLOSS>No</USEFORGAINLOSS><USEFORGODOWNTRANSFER>No</USEFORGODOWNTRANSFER><USEFORCOMPOUND>No</USEFORCOMPOUND><ALTERID>660</ALTERID><EXCISEOPENING>No</EXCISEOPENING><ISCANCELLED>No</ISCANCELLED><HASCASHFLOW>No</HASCASHFLOW><ISPOSTDATED>No</ISPOSTDATED><USETRACKINGNUMBER>No</USETRACKINGNUMBER><ISINVOICE>No</ISINVOICE><MFGJOURNAL>No</MFGJOURNAL><HASDISCOUNTS>No</HASDISCOUNTS><ASPAYSLIP>No</ASPAYSLIP><ISDELETED>No</ISDELETED><ASORIGINAL>Yes</ASORIGINAL><ALLLEDGERENTRIES.LIST><LEDGERNAME>BLACKBURN METALS</LEDGERNAME><GSTCLASS/><ISDEEMEDPOSITIVE>No</ISDEEMEDPOSITIVE><LEDGERFROMITEM>No</LEDGERFROMITEM><REMOVEZEROENTRIES>No</REMOVEZEROENTRIES><ISPARTYLEDGER>Yes</ISPARTYLEDGER><AMOUNT>333748</AMOUNT><BILLALLOCATIONS.LIST><NAME>10</NAME><BILLTYPE>New Ref</BILLTYPE><AMOUNT>333748</AMOUNT></BILLALLOCATIONS.LIST></ALLLEDGERENTRIES.LIST><ALLLEDGERENTRIES.LIST><LEDGERNAME>Purchase GST</LEDGERNAME><GSTCLASS/><ISDEEMEDPOSITIVE>Yes</ISDEEMEDPOSITIVE><LEDGERFROMITEM>No</LEDGERFROMITEM><REMOVEZEROENTRIES>No</REMOVEZEROENTRIES><ISPARTYLEDGER>no</ISPARTYLEDGER><AMOUNT>-282837.5</AMOUNT></ALLLEDGERENTRIES.LIST><ALLLEDGERENTRIES.LIST><LEDGERNAME>PURCHASE CGST 9% </LEDGERNAME><GSTCLASS/><ISDEEMEDPOSITIVE>Yes</ISDEEMEDPOSITIVE><LEDGERFROMITEM>No</LEDGERFROMITEM><REMOVEZEROENTRIES>No</REMOVEZEROENTRIES><ISPARTYLEDGER>no</ISPARTYLEDGER><AMOUNT>-25455.38</AMOUNT></ALLLEDGERENTRIES.LIST><ALLLEDGERENTRIES.LIST><LEDGERNAME>PURCHASE SGST 9% </LEDGERNAME><GSTCLASS/><ISDEEMEDPOSITIVE>Yes</ISDEEMEDPOSITIVE><LEDGERFROMITEM>No</LEDGERFROMITEM><REMOVEZEROENTRIES>No</REMOVEZEROENTRIES><ISPARTYLEDGER>no</ISPARTYLEDGER><AMOUNT>-25455.38</AMOUNT></ALLLEDGERENTRIES.LIST><ALLLEDGERENTRIES.LIST><LEDGERNAME>Round OFF</LEDGERNAME><GSTCLASS/><ISDEEMEDPOSITIVE>No</ISDEEMEDPOSITIVE><LEDGERFROMITEM>No</LEDGERFROMITEM><REMOVEZEROENTRIES>No</REMOVEZEROENTRIES><ISPARTYLEDGER>no</ISPARTYLEDGER><AMOUNT>0.25</AMOUNT></ALLLEDGERENTRIES.LIST></VOUCHER></TALLYMESSAGE></REQUESTDATA></IMPORTDATA></BODY></ENVELOPE>