<ENVELOPE><HEADER><TALLYREQUEST>Import Data</TALLYREQUEST></HEADER><BODY><IMPORTDATA><REQUESTDESC><REPORTNAME>Vouchers</REPORTNAME><STATICVARIABLES><SVCURRENTCOMPANY>SHREE PRESS COMPONENTS.</SVCURRENTCOMPANY></STATICVARIABLES></REQUESTDESC><REQUESTDATA><TALLYMESSAGE xmlns:UDF="TallyUDF"><VOUCHER REMOTEID="PV/20- 21  -TI-00003177" VCHTYPE="Purchase" Action="Create"><DATE>20201003</DATE><GUID>PV/20- 21  -TI-00003177</GUID><NARRATION>GRN No 598  PROJECT CODE  NA  PO NO SPC-2019-20-B-00003 BILL NO RI2042011448  / 03-10-2020 T03000KW0140N BUSH DB KILLER HOLDER JAWA (T03000KW0140N)  QTY 1050  RATE 60  HSN No 87089900  SAC No 998898 | </NARRATION><VOUCHERTYPENAME>Purchase</VOUCHERTYPENAME><VOUCHERNUMBER>PV/20- 21-3177</VOUCHERNUMBER><REFERENCE>RI2042011448</REFERENCE><PARTYLEDGERNAME>S.M.AUTO ENGINEERING .PVT.LTD(MAHALUNGE)</PARTYLEDGERNAME><CSTFORMISSUETYPE/><CSTFORMRECVTYPE/><FBTPAYMENTTYPE>Default</FBTPAYMENTTYPE><VCHGSTCLASS/><ENTEREDBY>1962</ENTEREDBY><DIFFACTUALQTY>No</DIFFACTUALQTY><AUDITED>No</AUDITED><FORJOBCOSTING>No</FORJOBCOSTING><ISOPTIONAL>No</ISOPTIONAL><EFFECTIVEDATE>20201003</EFFECTIVEDATE><USEFORINTEREST>No</USEFORINTEREST><USEFORGAINLOSS>No</USEFORGAINLOSS><USEFORGODOWNTRANSFER>No</USEFORGODOWNTRANSFER><USEFORCOMPOUND>No</USEFORCOMPOUND><ALTERID>3177</ALTERID><EXCISEOPENING>No</EXCISEOPENING><ISCANCELLED>No</ISCANCELLED><HASCASHFLOW>No</HASCASHFLOW><ISPOSTDATED>No</ISPOSTDATED><USETRACKINGNUMBER>No</USETRACKINGNUMBER><ISINVOICE>No</ISINVOICE><MFGJOURNAL>No</MFGJOURNAL><HASDISCOUNTS>No</HASDISCOUNTS><ASPAYSLIP>No</ASPAYSLIP><ISDELETED>No</ISDELETED><ASORIGINAL>Yes</ASORIGINAL><ALLLEDGERENTRIES.LIST><LEDGERNAME>S.M.AUTO ENGINEERING .PVT.LTD(MAHALUNGE)</LEDGERNAME><GSTCLASS/><ISDEEMEDPOSITIVE>No</ISDEEMEDPOSITIVE><LEDGERFROMITEM>No</LEDGERFROMITEM><REMOVEZEROENTRIES>No</REMOVEZEROENTRIES><ISPARTYLEDGER>Yes</ISPARTYLEDGER><AMOUNT>80700</AMOUNT><BILLALLOCATIONS.LIST><NAME>RI2042011448</NAME><BILLTYPE>New Ref</BILLTYPE><AMOUNT>80700</AMOUNT></BILLALLOCATIONS.LIST></ALLLEDGERENTRIES.LIST><ALLLEDGERENTRIES.LIST><LEDGERNAME>Purchase GST</LEDGERNAME><GSTCLASS/><ISDEEMEDPOSITIVE>Yes</ISDEEMEDPOSITIVE><LEDGERFROMITEM>No</LEDGERFROMITEM><REMOVEZEROENTRIES>No</REMOVEZEROENTRIES><ISPARTYLEDGER>no</ISPARTYLEDGER><AMOUNT>-63000</AMOUNT></ALLLEDGERENTRIES.LIST><ALLLEDGERENTRIES.LIST><LEDGERNAME>PURCHASE TCS 0.075% </LEDGERNAME><GSTCLASS/><ISDEEMEDPOSITIVE>Yes</ISDEEMEDPOSITIVE><LEDGERFROMITEM>No</LEDGERFROMITEM><REMOVEZEROENTRIES>No</REMOVEZEROENTRIES><ISPARTYLEDGER>no</ISPARTYLEDGER><AMOUNT>-60.48</AMOUNT></ALLLEDGERENTRIES.LIST><ALLLEDGERENTRIES.LIST><LEDGERNAME>PURCHASE CGST 14% </LEDGERNAME><GSTCLASS/><ISDEEMEDPOSITIVE>Yes</ISDEEMEDPOSITIVE><LEDGERFROMITEM>No</LEDGERFROMITEM><REMOVEZEROENTRIES>No</REMOVEZEROENTRIES><ISPARTYLEDGER>no</ISPARTYLEDGER><AMOUNT>-8820</AMOUNT></ALLLEDGERENTRIES.LIST><ALLLEDGERENTRIES.LIST><LEDGERNAME>PURCHASE SGST 14% </LEDGERNAME><GSTCLASS/><ISDEEMEDPOSITIVE>Yes</ISDEEMEDPOSITIVE><LEDGERFROMITEM>No</LEDGERFROMITEM><REMOVEZEROENTRIES>No</REMOVEZEROENTRIES><ISPARTYLEDGER>no</ISPARTYLEDGER><AMOUNT>-8820</AMOUNT></ALLLEDGERENTRIES.LIST><ALLLEDGERENTRIES.LIST><LEDGERNAME>Round OFF</LEDGERNAME><GSTCLASS/><ISDEEMEDPOSITIVE>No</ISDEEMEDPOSITIVE><LEDGERFROMITEM>No</LEDGERFROMITEM><REMOVEZEROENTRIES>No</REMOVEZEROENTRIES><ISPARTYLEDGER>no</ISPARTYLEDGER><AMOUNT>0.48</AMOUNT></ALLLEDGERENTRIES.LIST></VOUCHER></TALLYMESSAGE></REQUESTDATA></IMPORTDATA></BODY></ENVELOPE>