<ENVELOPE><HEADER><TALLYREQUEST>Import Data</TALLYREQUEST></HEADER><BODY><IMPORTDATA><REQUESTDESC><REPORTNAME>Voucher</REPORTNAME><STATICVARIABLES><SVCURRENTCOMPANY>SHREE PRESS COMPONENTS</SVCURRENTCOMPANY></STATICVARIABLES></REQUESTDESC><REQUESTDATA><TALLYMESSAGE xmlns:UDF="TallyUDF"><VOUCHER REMOTEID="2021/02203" VCHTYPE="Sales" Action="Create"><DATE>20201009</DATE><GUID>2021/02203</GUID><NARRATION>0000001648 || FLANGE 46 CD(1648) ||Qty:- 20||Rate:- 16 </NARRATION><VOUCHERTYPENAME>Sales</VOUCHERTYPENAME><VOUCHERNUMBER>2021/02203 </VOUCHERNUMBER><REFERENCE>2021/02203</REFERENCE><PARTYLEDGERNAME>ADM JOINFLEX INDIA PRIVATE LIMITED</PARTYLEDGERNAME><CSTFORMISSUETYPE/><CSTFORMRECVTYPE/><FBTPAYMENTTYPE>Default</FBTPAYMENTTYPE><VCHGSTCLASS/><ENTEREDBY>1962</ENTEREDBY><DIFFACTUALQTY>No</DIFFACTUALQTY><AUDITED>No</AUDITED><FORJOBCOSTING>No</FORJOBCOSTING><ISOPTIONAL>No</ISOPTIONAL><EFFECTIVEDATE>20201009</EFFECTIVEDATE><USEFORINTEREST>No</USEFORINTEREST><USEFORGAINLOSS>No</USEFORGAINLOSS><USEFORGODOWNTRANSFER>No</USEFORGODOWNTRANSFER><USEFORCOMPOUND>No</USEFORCOMPOUND><ALTERID>2021/02203</ALTERID><EXCISEOPENING>No</EXCISEOPENING><ISCANCELLED>No</ISCANCELLED><HASCASHFLOW>No</HASCASHFLOW><ISPOSTDATED>No</ISPOSTDATED><USETRACKINGNUMBER>No</USETRACKINGNUMBER><ISINVOICE>No</ISINVOICE><MFGJOURNAL>No</MFGJOURNAL><HASDISCOUNTS>No</HASDISCOUNTS><ASPAYSLIP>No</ASPAYSLIP><ISDELETED>No</ISDELETED><ASORIGINAL>Yes</ASORIGINAL><ALLLEDGERENTRIES.LIST><LEDGERNAME>ADM JOINFLEX INDIA PRIVATE LIMITED</LEDGERNAME><GSTCLASS/><ISDEEMEDPOSITIVE>Yes</ISDEEMEDPOSITIVE><LEDGERFROMITEM>No</LEDGERFROMITEM><REMOVEZEROENTRIES>No</REMOVEZEROENTRIES><ISPARTYLEDGER>Yes</ISPARTYLEDGER><AMOUNT>-424.20</AMOUNT><BILLALLOCATIONS.LIST><NAME>2021/02203</NAME><BILLTYPE>New Ref</BILLTYPE><AMOUNT>-424.20</AMOUNT></BILLALLOCATIONS.LIST></ALLLEDGERENTRIES.LIST><ALLLEDGERENTRIES.LIST><LEDGERNAME>Sales GST</LEDGERNAME><GSTCLASS/><ISDEEMEDPOSITIVE>No</ISDEEMEDPOSITIVE><LEDGERFROMITEM>No</LEDGERFROMITEM><REMOVEZEROENTRIES>No</REMOVEZEROENTRIES><ISPARTYLEDGER>No</ISPARTYLEDGER><AMOUNT>326</AMOUNT></ALLLEDGERENTRIES.LIST><ALLLEDGERENTRIES.LIST><LEDGERNAME>SALE CGST 14% </LEDGERNAME><GSTCLASS/><ISDEEMEDPOSITIVE>No</ISDEEMEDPOSITIVE><LEDGERFROMITEM>No</LEDGERFROMITEM><REMOVEZEROENTRIES>No</REMOVEZEROENTRIES><ISPARTYLEDGER>No</ISPARTYLEDGER><AMOUNT>45.64</AMOUNT></ALLLEDGERENTRIES.LIST><ALLLEDGERENTRIES.LIST><LEDGERNAME>SALE SGST 14%</LEDGERNAME><GSTCLASS/><ISDEEMEDPOSITIVE>No</ISDEEMEDPOSITIVE><LEDGERFROMITEM>No</LEDGERFROMITEM><REMOVEZEROENTRIES>No</REMOVEZEROENTRIES><ISPARTYLEDGER>No</ISPARTYLEDGER><AMOUNT>45.64</AMOUNT></ALLLEDGERENTRIES.LIST><ALLLEDGERENTRIES.LIST><LEDGERNAME>SALE TCS 0.7%</LEDGERNAME><GSTCLASS/><ISDEEMEDPOSITIVE>No</ISDEEMEDPOSITIVE><LEDGERFROMITEM>No</LEDGERFROMITEM><REMOVEZEROENTRIES>No</REMOVEZEROENTRIES><ISPARTYLEDGER>No</ISPARTYLEDGER><AMOUNT>2.92</AMOUNT></ALLLEDGERENTRIES.LIST><ALLLEDGERENTRIES.LIST><LEDGERNAME>TCS ON SCRAP</LEDGERNAME><GSTCLASS/><ISDEEMEDPOSITIVE>No</ISDEEMEDPOSITIVE><LEDGERFROMITEM>No</LEDGERFROMITEM><REMOVEZEROENTRIES>No</REMOVEZEROENTRIES><ISPARTYLEDGER>no</ISPARTYLEDGER><AMOUNT>4.00</AMOUNT></ALLLEDGERENTRIES.LIST></VOUCHER></TALLYMESSAGE></REQUESTDATA></IMPORTDATA></BODY></ENVELOPE>